@book{
 Duderstadt,
 address={Editorial: New York},
 title={Nuclear reactor analysis},
 ISBN={9780471223634},
 publisher={John Wiley \& Sons},
 author={Duderstadt, James J and Hamilton, Louis J},
 year={1976}
}